<record><leader>00000cas a2200000 a 4500</leader><controlfield tag="001">32705326</controlfield><controlfield tag="007">hd bfu---baat</controlfield><controlfield tag="007">hd afu---bact</controlfield><controlfield tag="008">950623d18971965nbuwr nea     0    0eng c</controlfield><datafield ind1=" " ind2=" " tag="010"><subfield code="a">sn 95069827 </subfield></datafield><datafield ind1=" " ind2=" " tag="040"><subfield code="a">NVG</subfield><subfield code="b">eng</subfield><subfield code="c">NVG</subfield><subfield code="d">OCLCQ</subfield><subfield code="d">OCLCF</subfield><subfield code="d">OCLCO</subfield></datafield><datafield ind1="1" ind2=" " tag="029"><subfield code="a">AU@</subfield><subfield code="b">000011782880</subfield></datafield><datafield ind1=" " ind2=" " tag="042"><subfield code="a">pcc</subfield></datafield><datafield ind1=" " ind2=" " tag="043"><subfield code="a">n-us-nb</subfield></datafield><datafield ind1="0" ind2=" " tag="130"><subfield code="a">Holt County independent (O'Neill, Neb. : 1897)</subfield></datafield><datafield ind1="1" ind2="0" tag="245"><subfield code="a">Holt County independent</subfield><subfield code="h">[microform].</subfield></datafield><datafield ind1="1" ind2=" " tag="246"><subfield code="i">Publisher's box title:</subfield><subfield code="a">Beacon light</subfield><subfield code="f">June 18, 1897</subfield></datafield><datafield ind1=" " ind2=" " tag="260"><subfield code="a">O'Neill, Holt County, Neb. :</subfield><subfield code="b">O.F. Biglin,</subfield><subfield code="c">1897-1965.</subfield></datafield><datafield ind1=" " ind2=" " tag="300"><subfield code="a">74 v.</subfield></datafield><datafield ind1=" " ind2=" " tag="310"><subfield code="a">Weekly</subfield></datafield><datafield ind1="0" ind2=" " tag="362"><subfield code="a">Vol. 4, no. 3 (June 18, 1897)-v. 77, no. 21 (May 27, 1965).</subfield></datafield><datafield ind1=" " ind2=" " tag="580"><subfield code="a">Absorbed: Chambers sun, Holt County Democrat (O'Neill, Neb.), O'Neill sun, and: Page reporter.</subfield></datafield><datafield ind1=" " ind2=" " tag="580"><subfield code="a">Merged with: Frontier (O'Neill City, Neb.), to form: Frontier and Holt County independent.</subfield></datafield><datafield ind1=" " ind2=" " tag="533"><subfield code="a">Microfilm.</subfield><subfield code="m">1897-1903,1905-1965:[Gaps]</subfield><subfield code="b">Lincoln, Neb. :</subfield><subfield code="c">Nebraska State Historical Society,</subfield><subfield code="d">[1967]-1970.</subfield><subfield code="e">31 microfilm reels ; 35 mm.</subfield></datafield><datafield ind1=" " ind2="0" tag="651"><subfield code="a">O'Neill (Neb.)</subfield><subfield code="v">Newspapers.</subfield></datafield><datafield ind1=" " ind2="0" tag="651"><subfield code="a">Holt County (Neb.)</subfield><subfield code="v">Newspapers.</subfield></datafield><datafield ind1=" " ind2="7" tag="655"><subfield code="a">Newspapers.</subfield><subfield code="2">fast</subfield><subfield code="0">(OCoLC)fst01423814</subfield></datafield><datafield ind1=" " ind2="7" tag="651"><subfield code="a">Nebraska</subfield><subfield code="z">Holt County.</subfield><subfield code="2">fast</subfield><subfield code="0">(OCoLC)fst01211913</subfield></datafield><datafield ind1=" " ind2="7" tag="651"><subfield code="a">Nebraska</subfield><subfield code="z">O'Neill.</subfield><subfield code="2">fast</subfield><subfield code="0">(OCoLC)fst01221277</subfield></datafield><datafield ind1=" " ind2=" " tag="752"><subfield code="a">United States</subfield><subfield code="b">Nebraska</subfield><subfield code="c">Holt</subfield><subfield code="d">O'Neill.</subfield></datafield><datafield ind1="0" ind2="0" tag="780"><subfield code="t">Beacon light and Holt County independent</subfield></datafield><datafield ind1="1" ind2="5" tag="780"><subfield code="t">Chambers sun</subfield><subfield code="w">(DLC)sn 95070484</subfield></datafield><datafield ind1="1" ind2="5" tag="780"><subfield code="t">Holt County Democrat (O'Neill, Neb.)</subfield><subfield code="w">(DLC)sn 95069825</subfield></datafield><datafield ind1="1" ind2="5" tag="780"><subfield code="t">O'Neill sun</subfield><subfield code="w">(DLC)sn 95073941</subfield></datafield><datafield ind1="1" ind2="5" tag="780"><subfield code="t">Page reporter</subfield><subfield code="w">(DLC)sn 95073999</subfield></datafield><datafield ind1="1" ind2="7" tag="785"><subfield code="t">Frontier (O'Neill City, Neb.)</subfield><subfield code="w">(DLC)sn 95069803</subfield></datafield><datafield ind1="1" ind2="7" tag="785"><subfield code="t">Frontier and Holt County independent</subfield><subfield code="w">(DLC)sn 95069828</subfield></datafield></record>